@book{steele2004cauchy,
  title={The Cauchy-Schwarz master class: an introduction to the art of mathematical inequalities},
  author={Steele, J Michael},
  year={2004},
  publisher={Cambridge University Press}
}

@inproceedings{harris2020flood,
  title={Flood \& loot: A systemic attack on the lightning network},
  author={Harris, Jona and Zohar, Aviv},
  booktitle={Proceedings of the 2nd ACM Conference on Advances in Financial Technologies},
  pages={202--213},
  year={2020}
}

@article{shikhelman2022unjamming,
  title={Unjamming lightning: A systematic approach},
  author={Shikhelman, Clara and Tikhomirov, Sergei},
  journal={Cryptology ePrint Archive},
  year={2022}
}

@inproceedings{tochner2020route,
  title={Route hijacking and dos in off-chain networks},
  author={Tochner, Saar and Zohar, Aviv and Schmid, Stefan},
  booktitle={Proceedings of the 2nd ACM Conference on Advances in Financial Technologies},
  pages={228--240},
  year={2020}
}

@article{pickhardt2021security,
  title={Security and privacy of lightning network payments with uncertain channel balances},
  author={Pickhardt, Rene and Tikhomirov, Sergei and Biryukov, Alex and Nowostawski, Mariusz},
  journal={arXiv preprint arXiv:2103.08576},
  year={2021}
}

@article{pickhardt2021optimally,
  title={Optimally reliable \& cheap payment flows on the lightning network},
  author={Pickhardt, Rene and Richter, Stefan},
  journal={arXiv preprint arXiv:2107.05322},
  year={2021}
}

@online{bitromortac2024blazing,
  title={Blazing the Trails: Improving LND Pathfinding Reliability},
  author={bitromortac},
  year={2024},
  url={\url{https://lightning.engineering/posts/2024-05-23-pathfinding-2/}},
  urldate={2024-03-24},
  publisher={Lightning Labs}
}

@online{pickhardt2022valves,
  title={The power of valves for better flow control, improved reliability and lower expected payment failure rates on the Lightning Network},
  author={Pickhardt, Rene},
  year={2022},
  url={\url{https://blog.bitmex.com/the-power-of-htlc_maximum_msat-as-a-control-valve-for-better-flow-control-improved-reliability-and-lower-expected-payment-failure-rates-on-the-lightning-network/}},
  urldate={2022-09-21},
  publisher={Bitmex}
}

@article{rossi2024channel,
  title={Channel Balance Interpolation in the Lightning Network via Machine Learning},
  author={Rossi, Emanuele and Singh, Vikash and others},
  journal={arXiv preprint arXiv:2405.12087},
  year={2024}
}

@inproceedings{zhang2023rethinking,
  title={Rethinking Incentive in Payment Channel Networks},
  author={Zhang, Yunqi and Venkatakrishnan, Shaileshh Bojja},
  booktitle={2023 IEEE 43rd International Conference on Distributed Computing Systems Workshops (ICDCSW)},
  pages={61--66},
  year={2023},
  organization={IEEE}
}

@inproceedings{ren2018optimal,
  title={Optimal fee structure for efficient lightning networks},
  author={Ren, Alvin Heng Jun and Feng, Ling and Cheong, Siew Ann and Goh, Rick Siow Mong},
  booktitle={2018 IEEE 24th International Conference on Parallel and Distributed Systems (ICPADS)},
  pages={980--985},
  year={2018},
  organization={IEEE}
}

@article{alscher2023price,
  title={Price of Anarchy in the Lightning Network},
  year={2023},
  author={Alscher, Sebastian}
}

@inproceedings{pickhardt2020imbalance,
  title={Imbalance measure and proactive channel rebalancing algorithm for the lightning network},
  author={Pickhardt, Rene and Nowostawski, Mariusz},
  booktitle={2020 IEEE International Conference on Blockchain and Cryptocurrency (ICBC)},
  pages={1--5},
  year={2020},
  organization={IEEE}
}

@inproceedings{dandekar2011liquidity,
  title={Liquidity in credit networks: A little trust goes a long way},
  author={Dandekar, Pranav and Goel, Ashish and Govindan, Ramesh and Post, Ian},
  booktitle={Proceedings of the 12th ACM conference on Electronic commerce},
  pages={147--156},
  year={2011}
}

@online{piatkivskyi2018rebalancing,
title={Rebalancing argument},
author={Piatkivskyi, Dmytro},
url={\url{https://lists.linuxfoundation.org/pipermail/lightning-dev/2018-July/001329.html}},
year={2018}
}


@online{guidi2019steadystate,
title={Paper - Modeling a Steady-State Lightning Network Economy},
author={Guidi, Gregorio},
url={\url{https://lists.linuxfoundation.org/pipermail/lightning-dev/2019-August/002115.html}},
year={2019}
}


@article{de2004effective,
  title={Effective lattice point counting in rational convex polytopes},
  author={De Loera, Jes{\'u}s A and Hemmecke, Raymond and Tauzer, Jeremiah and Yoshida, Ruriko},
  journal={Journal of symbolic computation},
  volume={38},
  number={4},
  pages={1273--1302},
  year={2004},
  publisher={Elsevier}
}

@article{barvinok1994polynomial,
  title={A polynomial time algorithm for counting integral points in polyhedra when the dimension is fixed},
  author={Barvinok, Alexander I},
  journal={Mathematics of Operations Research},
  volume={19},
  number={4},
  pages={769--779},
  year={1994},
  publisher={INFORMS}
}

@article{ehrhart1962polyhedra,
  title={On homothetic rational poly{e}dras {\`a} n dimensions},
  author={Ehrhart, Eugene},
  journal={CR Acad. Sci. Paris},
  volume={254},
  pages={616},
  year={1962}
}

@inproceedings{chen2022maximum,
  title={Maximum flow and minimum-cost flow in almost-linear time},
  author={Chen, Li and Kyng, Rasmus and Liu, Yang P and Peng, Richard and Gutenberg, Maximilian Probst and Sachdeva, Sushant},
  booktitle={2022 IEEE 63rd Annual Symposium on Foundations of Computer Science (FOCS)},
  pages={612--623},
  year={2022},
  organization={IEEE}
}

@article{chen2023almost,
  title={Almost-Linear-Time Algorithms for Maximum Flow and Minimum-Cost Flow},
  author={Chen, Li and Kyng, Rasmus and Liu, Yang P and Peng, Richard and Gutenberg, Maximilian Probst and Sachdeva, Sushant},
  journal={Communications of the ACM},
  volume={66},
  number={12},
  pages={85--92},
  year={2023},
  publisher={ACM New York, NY, USA}
}

@inproceedings{van2023deterministic,
  title={A deterministic almost-linear time algorithm for minimum-cost flow},
  author={Van Den Brand, Jan and Chen, Li and Peng, Richard and Kyng, Rasmus and Liu, Yang P and Gutenberg, Maximilian Probst and Sachdeva, Sushant and Sidford, Aaron},
  booktitle={2023 IEEE 64th Annual Symposium on Foundations of Computer Science (FOCS)},
  pages={503--514},
  year={2023},
  organization={IEEE}
}
@inproceedings{griffin2020generating,
  title={Generating utilization vectors for the systematic evaluation of schedulability tests},
  author={Griffin, David and Bate, Iain and Davis, Robert I},
  booktitle={2020 IEEE Real-Time Systems Symposium (RTSS)},
  pages={76--88},
  year={2020},
  organization={IEEE}
}

@article{tikhomirov2020probing,
 title={Probing channel balances in the lightning network},
  author={Tikhomirov, Sergei and Pickhardt, Rene and Biryukov, Alex and Nowostawski, Mariusz},
  journal={arXiv preprint arXiv:2004.00333},
  year={2020}
}

@misc{poon2016bitcoin,
  title={The bitcoin lightning network: Scalable off-chain instant payments},
  author={Poon, Joseph and Dryja, Thaddeus},
  year={2016}
}